<record xmlns="http://www.loc.gov/MARC21/slim" xmlns:xsi="http://www.w3.org/2001/XMLSchema-instance" xsi:schemaLocation="http://www.loc.gov/MARC21/slim http://www.loc.gov/standards/marcxml/schema/MARC21slim.xsd">

  <leader>00537nam a2200157Ia 4500</leader>
  <datafield ind1=" " ind2=" " tag="999">
    <subfield code="c">2024</subfield>
    <subfield code="d">2024</subfield>
  </datafield>
  <controlfield tag="008">180706b1999    p  ||||| |||| 00| | spa d</controlfield>
  <datafield ind2=" " ind1=" " tag="090">
    <subfield code="a">06.06.02 </subfield>
    <subfield code="b">709</subfield>
  </datafield>
  <datafield tag="100" ind2=" " ind1=" ">
    <subfield code="a">Panamá. Ministerio de Educación</subfield>
    <subfield code="9">3953</subfield>
  </datafield>
  <datafield tag="245" ind2="0" ind1="1">
    <subfield code="a">Formación y capacitación docente</subfield>
  </datafield>
  <datafield ind1=" " ind2=" " tag="260">
    <subfield code="a">Panamá : </subfield>
    <subfield code="b">El Ministerio, </subfield>
    <subfield code="c">1999</subfield>
  </datafield>
  <datafield ind1=" " ind2=" " tag="300">
    <subfield code="a">8 páginas</subfield>
  </datafield>
  <datafield ind1=" " ind2=" " tag="500">
    <subfield code="a">Ponencia presentada en Reunión  Centroamericana realizada en la Ciudad de Panamá en marzo de 1999.</subfield>
  </datafield>
  <datafield ind1="1" ind2="4" tag="650">
    <subfield code="a">FORMACIÓN DE DOCENTES</subfield>
    <subfield code="9">9</subfield>
  </datafield>
  <datafield ind1="1" ind2="4" tag="650">
    <subfield code="a">CAPACITACIÓN</subfield>
    <subfield code="9">729</subfield>
  </datafield>
  <datafield ind1=" " ind2=" " tag="942">
    <subfield code="2">z</subfield>
    <subfield code="c">01</subfield>
  </datafield>
</record>